%
% PUBLICATIONS
%
@article{Phong:1975:ICG:360825.360839,
 author = {Phong, Bui Tuong},
 title = {Illumination for Computer Generated Pictures},
 journal = {Commun. ACM},
 issue_date = {June 1975},
 volume = {18},
 number = {6},
 month = jun,
 year = {1975},
 issn = {0001-0782},
 pages = {311--317},
 numpages = {7},
 url = {http://doi.acm.org/10.1145/360825.360839},
 doi = {10.1145/360825.360839},
 acmid = {360839},
 publisher = {ACM},
 address = {New York, NY, USA},
 keywords = {computer graphics, graphic display, hidden surface removal, shading},
}

@article{Blinn:1978:SWS:965139.507101,
 author = {Blinn, James F.},
 title = {Simulation of Wrinkled Surfaces},
 journal = {SIGGRAPH Comput. Graph.},
 issue_date = {August 1978},
 volume = {12},
 number = {3},
 month = aug,
 year = {1978},
 issn = {0097-8930},
 pages = {286--292},
 numpages = {7},
 url = {http://doi.acm.org/10.1145/965139.507101},
 doi = {10.1145/965139.507101},
 acmid = {507101},
 publisher = {ACM},
 address = {New York, NY, USA},
}

@article{MEAGHER1982129,
title = "Geometric modeling using octree encoding",
journal = "Computer Graphics and Image Processing",
volume = "19",
number = "2",
pages = "129 - 147",
year = "1982",
issn = "0146-664X",
doi = "https://doi.org/10.1016/0146-664X(82)90104-6",
url = "http://www.sciencedirect.com/science/article/pii/0146664X82901046",
author = "Donald Meagher"
}

@article{Kajiya:1986:RE:15886.15902,
 author = {Kajiya, James T.},
 title = {The Rendering Equation},
 journal = {SIGGRAPH Comput. Graph.},
 issue_date = {Aug. 1986},
 volume = {20},
 number = {4},
 month = aug,
 year = {1986},
 issn = {0097-8930},
 pages = {143--150},
 numpages = {8},
 url = {http://doi.acm.org/10.1145/15886.15902},
 doi = {10.1145/15886.15902},
 acmid = {15902},
 publisher = {ACM},
 address = {New York, NY, USA},
}

@article{Lorensen:1987:MCH:37402.37422,
 author = {Lorensen, William E. and Cline, Harvey E.},
 title = {Marching Cubes: A High Resolution 3D Surface Construction Algorithm},
 journal = {SIGGRAPH Comput. Graph.},
 issue_date = {July 1987},
 volume = {21},
 number = {4},
 month = aug,
 year = {1987},
 issn = {0097-8930},
 pages = {163--169},
 numpages = {7},
 url = {http://doi.acm.org/10.1145/37402.37422},
 doi = {10.1145/37402.37422},
 acmid = {37422},
 publisher = {ACM},
 address = {New York, NY, USA},
}

@inproceedings{Tanner:1998:CVM:280814.280855,
 author = {Tanner, Christopher C. and Migdal, Christopher J. and Jones, Michael T.},
 title = {The Clipmap: A Virtual Mipmap},
 booktitle = {Proceedings of the 25th Annual Conference on Computer Graphics and Interactive Techniques},
 series = {SIGGRAPH '98},
 year = {1998},
 isbn = {0-89791-999-8},
 pages = {151--158},
 numpages = {8},
 url = {http://doi.acm.org/10.1145/280814.280855},
 doi = {10.1145/280814.280855},
 acmid = {280855},
 publisher = {ACM},
 address = {New York, NY, USA},
 keywords = {clipmap, image exploitation, load management, mipmap, terrain visualization, texture, visual simulation},
}

@article{Sloan:2002:PRT:566654.566612,
 author = {Sloan, Peter-Pike and Kautz, Jan and Snyder, John},
 title = {Precomputed Radiance Transfer for Real-time Rendering in Dynamic, Low-frequency Lighting Environments},
 journal = {ACM Trans. Graph.},
 issue_date = {July 2002},
 volume = {21},
 number = {3},
 month = jul,
 year = {2002},
 issn = {0730-0301},
 pages = {527--536},
 numpages = {10},
 url = {http://doi.acm.org/10.1145/566654.566612},
 doi = {10.1145/566654.566612},
 acmid = {566612},
 publisher = {ACM},
 address = {New York, NY, USA},
 keywords = {Monte Carlo techniques, graphics hardware, illumination, rendering, shadow algorithms},
}

@article{Losasso:2004:GCT:1015706.1015799,
 author = {Losasso, Frank and Hoppe, Hugues},
 title = {Geometry Clipmaps: Terrain Rendering Using Nested Regular Grids},
 journal = {ACM Trans. Graph.},
 issue_date = {August 2004},
 volume = {23},
 number = {3},
 month = aug,
 year = {2004},
 issn = {0730-0301},
 pages = {769--776},
 numpages = {8},
 url = {http://doi.acm.org/10.1145/1015706.1015799},
 doi = {10.1145/1015706.1015799},
 acmid = {1015799},
 publisher = {ACM},
 address = {New York, NY, USA},
 keywords = {level-of-detail control, terrain compression and synthesis},
}

@article{bunnell2005dynamic,
  title={Dynamic ambient occlusion and indirect lighting},
  author={Bunnell, Michael},
  journal={Gpu gems},
  volume={2},
  number={2},
  pages={223--233},
  year={2005},
  publisher={Citeseer}
}

@inproceedings{Crassin:2009:GRS:1507149.1507152,
 author = {Crassin, Cyril and Neyret, Fabrice and Lefebvre, Sylvain and Eisemann, Elmar},
 title = {GigaVoxels: Ray-guided Streaming for Efficient and Detailed Voxel Rendering},
 booktitle = {Proceedings of the 2009 Symposium on Interactive 3D Graphics and Games},
 series = {I3D '09},
 year = {2009},
 isbn = {978-1-60558-429-4},
 location = {Boston, Massachusetts},
 pages = {15--22},
 numpages = {8},
 url = {http://doi.acm.org/10.1145/1507149.1507152},
 doi = {10.1145/1507149.1507152},
 acmid = {1507152},
 publisher = {ACM},
 address = {New York, NY, USA},
}

@article{Schwarz:2010:FPS:1882261.1866201,
 author = {Schwarz, Michael and Seidel, Hans-Peter},
 title = {Fast Parallel Surface and Solid Voxelization on GPUs},
 journal = {ACM Trans. Graph.},
 issue_date = {December 2010},
 volume = {29},
 number = {6},
 month = dec,
 year = {2010},
 issn = {0730-0301},
 pages = {179:1--179:10},
 articleno = {179},
 numpages = {10},
 url = {http://doi.acm.org/10.1145/1882261.1866201},
 doi = {10.1145/1882261.1866201},
 acmid = {1866201},
 publisher = {ACM},
 address = {New York, NY, USA},
 keywords = {GPU computing, octree, overlap testing, parallel data structure creation, voxelization},
}

@inproceedings{Kaplanyan:2010:CLP:1730804.1730821,
 author = {Kaplanyan, Anton and Dachsbacher, Carsten},
 title = {Cascaded Light Propagation Volumes for Real-time Indirect Illumination},
 booktitle = {Proceedings of the 2010 ACM SIGGRAPH Symposium on Interactive 3D Graphics and Games},
 series = {I3D '10},
 year = {2010},
 isbn = {978-1-60558-939-8},
 location = {Washington, D.C.},
 pages = {99--107},
 numpages = {9},
 url = {http://doi.acm.org/10.1145/1730804.1730821},
 doi = {10.1145/1730804.1730821},
 acmid = {1730821},
 publisher = {ACM},
 address = {New York, NY, USA},
 keywords = {global illumination, real-time rendering},
}

@inproceedings{crassin2011interactive,
    title={Interactive Indirect Illumination Using Voxel Cone Tracing},
    author={Crassin, Cyril and Neyret, Fabrice and Sainz, Miguel and Green, Simon and Eisemann, Elmar},
    booktitle={Computer Graphics Forum},
    volume={30},
    number={7},
    pages={1921--1930},
    year={2011},
    organization={Wiley Online Library},
    url={http://research.nvidia.com/sites/default/files/pubs/2011-09_Interactive-Indirect-Illumination/GIVoxels-pg2011-authors.pdf}
}

@inproceedings {iwanicki2017ambient,
    booktitle = {Eurographics Symposium on Rendering - Experimental Ideas \& Implementations},
    editor = {Matthias Zwicker and Pedro Sander},
    title = {{Ambient Dice}},
    author = {Iwanicki, Michal and Sloan, Peter-Pike},
    year = {2017},
    publisher = {The Eurographics Association},
    ISSN = {1727-3463},
    ISBN = {978-3-03868-045-1},
    DOI = {10.2312/sre.20171191},
    url={https://www.activision.com/cdn/research/ambient_dice_web.pdf}
}

@inproceedings{McGuire:2017:RGI:3023368.3023378,
 author = {McGuire, Morgan and Mara, Mike and Nowrouzezahrai, Derek and Luebke, David},
 title = {Real-time Global Illumination Using Precomputed Light Field Probes},
 booktitle = {Proceedings of the 21st ACM SIGGRAPH Symposium on Interactive 3D Graphics and Games},
 series = {I3D '17},
 year = {2017},
 isbn = {978-1-4503-4886-7},
 location = {San Francisco, California},
 pages = {2:1--2:11},
 articleno = {2},
 numpages = {11},
 url = {http://doi.acm.org/10.1145/3023368.3023378},
 doi = {10.1145/3023368.3023378},
 acmid = {3023378},
 publisher = {ACM},
 address = {New York, NY, USA},
 keywords = {global illumination, irradiance, light field},
}



%
% TEXTBOOKS
%
@book{moller2008rtr,
    author = {Tomas Akenine-M\"{o}ller and Eric Haines and Naty Hoffman},
    title = {Real-Time Rendering 3rd Edition},
    year = {2008},
    pages = {1045},
    isbn = {987-1-56881-424-7},
    publisher = {A. K. Peters, Ltd.},
    address = {Natick, MA, USA}
}

@incollection{crassin2012octree,
    author = {Crassin, Cyril and Green, Simon},
    title = {Octree-Based Sparse Voxelization Using the GPU Hardware Rasterizer},
    booktitle = {{O}pen{GL} {I}nsights},
    pages = {303-319},
    editor = {Patrick Cozzi and Christophe Riccio},
    month = {July},
    year = {2012},
    isbn = {978-1439893760},
    publisher = {CRC Press},
    url={https://www.seas.upenn.edu/~pcozzi/OpenGLInsights/OpenGLInsights-SparseVoxelization.pdf}
}

@incollection{doghramachi2013rasterized,
    author = {Doghramachi, Hawar},
    title = {Rasterized Voxel-Based Dynamic Global Illumination},
    booktitle = {{GPU} Pro 4},
    pages = {155-171},
    editor = {Wolfgang Engel},
    year = {2013},
    isbn = {978-1-4665-6744-3},
    publisher = {CRC Press}
}

@book{pharr2016physically,
  title={Physically based rendering: From theory to implementation},
  author={Pharr, Matt and Jakob, Wenzel and Humphreys, Greg},
  year={2016},
  publisher={Morgan Kaufmann}
}

%
% MISC
%
@misc{nvidiavxgi,
  title = {NVIDIA VXGI},
  howpublished = {\url{https://developer.nvidia.com/vxgi}},
  note = {Accessed: 2017-10-19}
}

@misc{appleopenglsupport,
    title = {Mac computers that use {O}pen{CL} and {O}pen{GL} graphics},
    howpublished = {\url{https://support.apple.com/en-us/HT202823}},
    note = {Accessed: 2018-05-11}
}

@misc{godotengine,
    title = {Godot Engine},
    author = {{Juan Linietsky, Ariel Manzur, and contributors}},
    url = {https://godotengine.org/}
}

@article{kaplanyan2009light,
  title={Light propagation volumes in cryengine 3},
  author={Kaplanyan, Anton},
  journal={ACM SIGGRAPH Courses},
  volume={7},
  pages={2},
  year={2009}
}

@manual{opengl45spec,
    organization = {The Khronos Group Inc.},
    title = {{The OpenGL Graphics System: A Specification}},
    author = {Mark Segal and Kurt Akeley},
    year = {2017},
    month = {June},
    note = {Version 4.5},
    url = {https://www.khronos.org/registry/OpenGL/specs/gl/glspec45.core.pdf}
}

@manual{glsl45spec,
    organization = {The Khronos Group Inc.},
    title = {{The OpenGL Shading Language}},
    author = {John Kessenich},
    year = {2017},
    month = {June},
    note = {Version 4.5},
    url = {https://www.khronos.org/registry/OpenGL/specs/gl/GLSLangSpec.4.50.pdf}
}

%
% PRESENTATIONS
%
@inproceedings{crassin2012dynamic,
    name = {Dynamic Sparse Voxel Octrees for Next-Gen Real-Time Rendering},
    author = {Cyril Crassin},
    url = {http://www.icare3d.org/research/publications/Cra12/04_crassinVoxels_bps2012.pdf},
    year = {2012},
    date = {2012-08-07},
    booktitle = {SIGGRAPH 2012 Course : Beyond Programmable Shading},
    publisher = {ACM SIGGRAPH},
}

@misc{mclaren2016cascaded,
	title = {Graphics Deep Dive: Cascaded voxel cone tracing in The Tomorrow Children},
    author={James McLaren},
    year={2016},
    howpublished = {\url{https://www.gamasutra.com/view/news/286023/Graphics_Deep_Dive_Cascaded_voxel_cone_tracing_in_The_Tomorrow_Children.php}},
	note = {Accessed: 2017-10-19}
}

%
% THESES
%
@phdthesis{paulin2011gigavoxels,
    title={GigaVoxels: A voxel-based rendering pipeline for efficient exploration of large and detailed scenes},
    author={Paulin, Mathias},
    year={2011},
    school={Karlsruhe Institute of Technology},
    url={http://artis.imag.fr/Publications/2011/Cra11/CCrassinThesis_EN_Web.pdf}
}

%
% MIGHT REMOVE
%
@inproceedings{eisemann2008single,
    title={Single-pass GPU solid voxelization for real-time applications},
    author={Eisemann, Elmar and D{\'e}coret, Xavier},
    booktitle={Proceedings of graphics interface 2008},
    pages={73--80},
    year={2008},
    organization={Canadian Information Processing Society},
    url={http://maverick.inria.fr/Publications/2008/ED08a/solidvoxelizationAuthorVersion.pdf}
}

@article{laine2011efficient,
    title={Efficient Sparse Voxel Octrees},
    author={Laine, Samuli and Karras, Tero},
    journal={IEEE Transactions on Visualization and Computer Graphics},
    volume={17},
    number={8},
    pages={1048--1059},
    year={2011},
    publisher={IEEE},
    url={http://research.nvidia.com/sites/default/files/pubs/2010-02_Efficient-Sparse-Voxel/laine2010tr1_paper.pdf}
}

@article{kampe2013high,
    title={High Resolution Sparse Voxel DAGs},
    author={K{\"a}mpe, Viktor and Sintorn, Erik and Assarsson, Ulf},
    journal={ACM Transactions on Graphics (TOG)},
    volume={32},
    number={4},
    pages={101},
    year={2013},
    publisher={ACM},
    url={http://www.cse.chalmers.se/~uffe/HighResolutionSparseVoxelDAGs.pdf}
}

@article{Cook:1982:RMC:357290.357293,
 author = {Cook, R. L. and Torrance, K. E.},
 title = {A Reflectance Model for Computer Graphics},
 journal = {ACM Trans. Graph.},
 issue_date = {Jan. 1982},
 volume = {1},
 number = {1},
 month = jan,
 year = {1982},
 issn = {0730-0301},
 pages = {7--24},
 numpages = {18},
 url = {http://doi.acm.org/10.1145/357290.357293},
 doi = {10.1145/357290.357293},
 acmid = {357293},
 publisher = {ACM},
 address = {New York, NY, USA},
 keywords = {image synthesis, reflectance},
}